@article{gower1969minimum,
  title={Minimum spanning trees and single linkage cluster analysis},
  author={Gower, John C and Ross, GJS},
  journal={Applied statistics},
  pages={54--64},
  year={1969},
  publisher={JSTOR}
}
